@Book{Perkovic2016,
  address = {Rio de Janeiro, RJ},
  author  = {Perkovic, Ljubomir},
  title   = {Introducao a computacao usando Python: um foco no desenvolvimento de aplicacoes},
  year    = {2016},
  journal = {LTC, Rio de Janeiro},
  owner   = {Rômulo Souza Fernandes},
}

@Book{Borges2014,
  address   = {Sao Paulo, SP},
  author    = {Borges, Luiz Eduardo},
  publisher = {Novatec Editora},
  title     = {Python para desenvolvedores: aborda Python 3.3},
  year      = {2014},
  owner     = {Rômulo Souza Fernandes},
}

@Book{Lutz2007,
  address   = {Porto Alegre, RS},
  author    = {Lutz, M.},
  publisher = {Bookman},
  title     = {Aprendendo Python},
  year      = {2007},
  isbn      = {9788577800131},
  owner     = {Rômulo Souza Fernandes},
  pages     = {566},
}

@Book{VanRossum2009,
  address   = {Scotts Valley, CA},
  author    = {Van Rossum, Guido and Drake, Fred L.},
  publisher = {CreateSpace},
  title     = {Python 3 Reference Manual},
  year      = {2009},
  isbn      = {1441412697},
  owner     = {Rômulo Souza Fernandes},
}

@Book{Rossum,
  author    = {Rossum, Guido Van and Drake, Fred L.},
  publisher = {CreateSpace Independent Publishing Platform},
  title     = {Python 3 Reference Manual},
  isbn      = {9781441412690},
  owner     = {Rômulo Souza Fernandes},
  pages     = {244},
}

@Book{McKinney2019,
  address   = {Sao Paulo, SP},
  author    = {McKinney, Wes},
  editor    = {Rubens Prates},
  publisher = {Novatec Editora},
  title     = {Python para analise de dados},
  year      = {2019},
  month     = may,
  ean       = {9788575227510},
  owner     = {Rômulo Souza Fernandes},
  pagetotal = {616},
}

@Book{Moreno2018,
  address   = {Sao Paulo, SP},
  author    = {Moreno, Daniel},
  editor    = {Rubens Prates},
  publisher = {Novatec Editora},
  title     = {Python para pentest},
  year      = {2018},
  owner     = {Rômulo Souza Fernandes},
}

@Book{Seitz2015,
  address   = {Sao Paulo, SP},
  author    = {Seitz, Justin},
  editor    = {Rubens Prates},
  publisher = {No Starch Press},
  title     = {Black Hat Python: Python Programming for Hackers and Pentesters},
  year      = {2015},
  isbn      = {9781593275907},
  owner     = {Romulo Souza Fernandes},
  pages     = {192},
}

@Comment{jabref-meta: databaseType:bibtex;}
